@article{koop2016model,
	title={Model uncertainty in panel vector autoregressive models},
	author={Koop, Gary and Korobilis, Dimitris},
	journal={European Economic Review},
	volume={81},
	pages={115--131},
	year={2016},
	publisher={Elsevier}
}

@book{aghion1998endogenous,
	title={Endogenous growth theory},
	author={Aghion, Philippe and Howitt, Peter and Brant-Collett, Maxine and Garc{\'\i}a-Pe{\~n}alosa, Cecilia},
	volume={2},
	pages={53--80},
	year={1998},
	publisher={MIT press}
}

@article{linhares2012hipotese,
	title={A hip{\'o}tese de Kuznets e mudan{\c{c}}as na rela{\c{c}}{\~a}o entre desigualdade e crescimento de renda no Brasil},
	author={Linhares, Fabricio and Ferreira, Roberto Tatiwa and Irffi, Guilherme Diniz and Macedo, Cec{\'\i}lia Maria Bortolassi},
	journal={Pesquisa e Planejamento Econômico (PPE)},
	volume={42},
	pages={403--432},
	year={2012},
	publisher={Instituto de Pesquisa Econ{\^o}mica Aplicada (Ipea)}
}

@article{martins2014avaliaccao,
	title={Avalia{\c{c}}{\~a}o do desempenho do presidente na economia e pol{\'\i}ticas p{\'u}blicas como determinantes do comportamento eleitoral na America Latina [disserta{\c{c}}{\~a}o]},
	author={Martins, Flavia Bozza},
	journal={Curitiba: Programa de P{\'o}s Gradua{\c{c}}{\~a}o em Ci{\^e}ncia Pol{\'\i}ca Universidade Federal do Paran{\'a}},
	year={2014}
}

@book{castello2004reassessment,
	title={A Reassessment of the Relationship Between Inequality and Growth: What Human Capital Inequelity Data Say?},
	author={Castell{\'o}-Climent, Amparo and others},
	year={2004},
	publisher={Citeseer}
}

@article{de2003inequality,
	title={Inequality and growth: why differential fertility matters},
	author={De La Croix, David and Doepke, Matthias},
	journal={The American Economic Review},
	volume={93},
	number={4},
	pages={1091--1113},
	year={2003},
	publisher={American Economic Association}
}

@article{alesina1996income,
	title={Income distribution, political instability, and investment},
	author={Alesina, Alberto and Perotti, Roberto},
	journal={European economic review},
	volume={40},
	number={6},
	pages={1203--1228},
	year={1996},
	publisher={Elsevier}
}

@article{alesina1994distributive,
	title={Distributive politics and economic growth},
	author={Alesina, Alberto and Rodrik, Dani},
	journal={The Quarterly Journal of Economics},
	volume={109},
	number={2},
	pages={465--490},
	year={1994},
	publisher={Oxford University Press}
}

@article{rubin2015effects,
	title={The effects of economic growth on income inequality in the US},
	author={Rubin, Amir and Segal, Dan},
	journal={Journal of Macroeconomics},
	volume={45},
	pages={258--273},
	year={2015},
	publisher={Elsevier}
}

@article{dollar2016growth,
	title={Growth still is good for the poor},
	author={Dollar, David and Kleineberg, Tatjana and Kraay, Aart},
	journal={European Economic Review},
	volume={81},
	pages={68--85},
	year={2016},
	publisher={Elsevier}
}

@article{dollar2002growth,
	title={Growth is Good for the Poor},
	author={Dollar, David and Kraay, Aart},
	journal={Journal of economic growth},
	volume={7},
	number={3},
	pages={195--225},
	year={2002},
	publisher={Springer}
}

@article{love2006financial,
	title={Financial development and dynamic investment behavior: Evidence from panel VAR},
	author={Love, Inessa and Zicchino, Lea},
	journal={The Quarterly Review of Economics and Finance},
	volume={46},
	number={2},
	pages={190--210},
	year={2006},
	publisher={Elsevier}
}

@article{atems2015income,
	title={Income inequality and economic growth: a panel VAR approach},
	author={Atems, Bebonchu and Jones, Jason},
	journal={Empirical Economics},
	volume={48},
	number={4},
	pages={1541--1561},
	year={2015},
	publisher={Springer}
}

@article{enders2004applied,
	title={Applied Econometric Time Series, by Walter},
	author={Enders, W},
	journal={Technometrics},
	volume={46},
	number={2},
	pages={264},
	year={2004}
}

@book{gupta1990economics,
	title={The economics of political violence: The effect of political instability on economic growth},
	author={Gupta, Dipak K},
	year={1990},
	publisher={New York: Praeger Publishers}
}

@article{venieris1986income,
	title={Income distribution and sociopolitical instability as determinants of savings: a cross-sectional model},
	author={Venieris, Yiannis P and Gupta, Dipak K},
	journal={Journal of Political Economy},
	volume={94},
	number={4},
	pages={873--883},
	year={1986},
	publisher={The University of Chicago Press}
}

@book{hibbs1973mass,
	title={Mass political violence: A cross-national causal analysis},
	author={Hibbs, Douglas A},
	volume={253},
	year={1973},
	publisher={Wiley New York}
}

@article{galor1993income,
	title={Income distribution and macroeconomics},
	author={Galor, Oded and Zeira, Joseph},
	journal={The review of economic studies},
	volume={60},
	number={1},
	pages={35--52},
	year={1993},
	publisher={Oxford University Press}
}

@techreport{barro1995technological,
	title={Technological diffusion, convergence, and growth},
	author={Barro, Robert J and Sala-i-Martin, Xavier},
	year={1995},
	institution={National Bureau of Economic Research}
}

@article{meltzer1981rational,
	title={A rational theory of the size of government},
	author={Meltzer, Allan H and Richard, Scott F},
	journal={Journal of political Economy},
	volume={89},
	number={5},
	pages={914--927},
	year={1981},
	publisher={The University of Chicago Press}
}

@book{ocampo2016desenvolvimento,
	title={O desenvolvimento econ{\^o}mico da Am{\'e}rica Latina desde a independ{\^e}ncia},
	author={Ocampo, Jose and Flores, Luis Eduardo},
	year={2016},
	publisher={Elsevier Brasil}
}

@article{bourguignon2004poverty,
	title={The poverty-growth-inequality triangle, paper presented at the Indian Council for Research on International Economic Relations, New Delhi, February 4, 2004},
	author={Bourguignon, Fran{\c{c}}ois},
	journal={Washington, DC, World Bank},
	year={2004}
}

@article{kuznets1955economic,
	title={Economic growth and income inequality},
	author={Kuznets, Simon},
	journal={The American economic review},
	pages={1--28},
	year={1955},
	publisher={JSTOR}
}

@article{furtado2000desenvolvimento,
	title={Desenvolvimento e subdesenvolvimento},
	author={Furtado, Celso},
	journal={En: Cinq{\"u}enta anos de pensamento na CEPAL-Rio de Janeiro: Record/CEPAL, 2000-v. 1, p. 239-262},
	year={2000}
}

@article{bielschowsky2000cinquenta,
	title={Cinq{\"u}enta anos de pensamento na CEPAL: uma resenha},
	author={Bielschowsky, Ricardo},
	journal={En: Cinq{\"u}enta anos de pensamento na CEPAL-Rio de Janeiro: Record/CEPAL, 2000-v. 1, p. 13-68},
	year={2000}
}

@article{prebisch2000desenvolvimento,
	title={O desenvolvimento econ{\^o}mico da Am{\'e}rica Latina e alguns de seus problemas principais},
	author={Prebisch, Ra{\'u}l and others},
	journal={Cinq{\"u}enta anos de pensamento na CEPAL. Rio de Janeiro: Record},
	volume={2},
	pages={69--136},
	year={2000}
}

@article{li1998income,
	title={Income inequality is not harmful for growth: theory and evidence},
	author={Li, Hongyi and Zou, Heng-fu},
	journal={Review of development economics},
	volume={2},
	number={3},
	pages={318--334},
	year={1998},
	publisher={Wiley Online Library}
}

@misc{lazear1979rank,
	title={Rank-order tournaments as optimum labor contracts},
	author={Lazear, Edward P and Rosen, Sherwin},
	year={1979},
	publisher={National Bureau of Economic Research Cambridge, Mass., USA}
}

@article{stiglitz1969distribution,
	title={Distribution of income and wealth among individuals},
	author={Stiglitz, Joseph E},
	journal={Econometrica: Journal of the Econometric Society},
	pages={382--397},
	year={1969},
	publisher={JSTOR}
}

@article{hadri2000testing,
	title={Testing for stationarity in heterogeneous panel data},
	author={Hadri, Kaddour},
	journal={The Econometrics Journal},
	volume={3},
	number={2},
	pages={148--161},
	year={2000},
	publisher={Wiley Online Library}
}

@article{kakwani2010linkages,
	title={Linkages between pro-poor growth, social programs and labor market: the recent Brazilian experience},
	author={Kakwani, Nanak and Neri, Marcelo C{\^o}rtes and Son, Hyun H},
	journal={World Development},
	volume={38},
	number={6},
	pages={881--894},
	year={2010},
	publisher={Elsevier}
}


@article{galeano2014,
	title={Evid{\^e}ncias de desigualdades econ{\^o}micas e converg{\^e}ncia do PIB \emph{per capita} entre os estados brasileiros no per{\'\i}odo de 1985 a 2008},
	author={Galeano, Edileuza Aparecida Vital},
	journal={Revista Econ{\^o}mica do Nordeste},
	number={45},
	year={2014}
}

@book{jones2000introduccao,
	title={Introdu{\c{c}}{\~a}o {\`a} teoria do crescimento econ{\^o}mico},
	author={Jones, Charles Irving},
	year={2000},
	publisher={Campus}
}

@book{rands2011desigualdades,
	title={Desigualdades regionais no Brasil},
	author={Rands, Alexandre},
	year={2011},
	publisher={Elsevier Brasil}
}

@article{jacinto2004desigualdade,
	title={Desigualdade de renda e crescimento econ{\^o}mico nos munic{\'\i}pios da regi{\~a}o nordeste do Brasil: O que os dados t{\^e}m a dizer},
	author={Jacinto, Paulo de Andrade and Tejada, C{\'e}sar Augusto Oviedo},
	journal={Encontro de Economia da Anpec},
	volume={32},
	year={2004}
}

@article{salvato2008crescimento,
	title={Crescimento e desigualdade: evid{\^e}ncias da Curva de Kuznets para os munic{\'\i}pios de Minas Gerais--1991/2000},
	author={Salvato, M{\'a}rcio Ant{\^o}nio and Alvarenga, Patr{\'\i}cia Silva and Fran{\c{c}}a, Cristina Soares and de Araujo Junior, Ari Francisco},
	journal={Revista Economia \& Gest{\~a}o},
	volume={6},
	number={13},
	year={2008}
}

@article{bagolin2004crescimento,
	title={Crescimento e desigualdade no Rio Grande do Sul: uma revis{\~a}o da curva de Kuznets para os munic{\'\i}pios ga{\'u}chos (1970-1991)},
	author={Bagolin, Izete Pengo and Gabe, Jo{\~a}o and Ribeiro, Eduardo Pontual},
	journal={Econtro de Economia Ga{\'u}cha},
	volume={2},
	year={2004}
}

@article{lledo1996distribuiccao,
	title={Distribui{\c{c}}{\~a}o de renda, crescimento end{\'o}geno e pol{\'\i}tica fiscal: uma an{\'a}lise cross-section para os estados brasileiros},
	author={Lled{\'o}, Victor Duarte},
	year={1996},
	publisher={Instituto de Pesquisa Econ{\^o}mica Aplicada (Ipea)}
}

@article{castro2006efeitos,
	title={Efeitos da desigualdade de renda sobre o crescimento econ{\^o}mico no Brasil: uma an{\'a}lise n{\~a}o-linear},
	author={Castro, Rafael Santos},
	year={2006}
}

@article{pnud1999,
	title={Estado de la region: proyect Esta de la nacion Costa Rica},
	author={PNUD},
	journal={Washington},
	year={1999}
}


@article{mankiw1992,
	title={A Contribution to the Empirics of Economic Growth},
	author={Mankiw, N and Romer, D and Weil, D},
	journal={Quarterly Journal of Economics},
	volume={107},
	pages={407--437},
	year={1992}
}



@article{bourguignon2000oligarchy,
	title={Oligarchy, democracy, inequality and growth},
	author={Bourguignon, Fran{\c{c}}ois and Verdier, Thierry},
	journal={Journal of development Economics},
	volume={62},
	number={2},
	pages={285--313},
	year={2000},
	publisher={Elsevier}
}

@article{heston2006penn,
	title={Penn World Table Version 6.2, Center for International Comparisons of Production, Income and Prices},
	author={Heston, Alan and Summers, Robert and Aten, Bettina},
	journal={Philadelphia: University of Pennsylvania},
	year={2006}
}

@article{besarria2015,
	title={Testando a paridade do poder de compra: uma an{\'a}lise do modelo painel-cointegrado para os pa{\'i}ses da Am{\'e}rica Latina},
	author={Besarria, C{\'a}ssio N{\'o}brega and Sobral, {\'E}ryka},
	journal={Encontro Regional de Economia Pernambucana},
	year={2015}
}

@article{forbes2000reassessment,
	title={A reassessment of the relationship between inequality and growth},
	author={Forbes, Kristin J},
	journal={American economic review},
	pages={869--887},
	year={2000},
	publisher={JSTOR}
}

@article{becker1975human,
	title={Human capital, 1964},
	author={Becker, Gary S},
	journal={National Bureau for Economic Research, New York},
	year={1975}
}

@book{atkinson1983economics,
	title={The economics of inequality},
	author={Atkinson, Anthony Barnes},
	volume={2},
	year={1983},
	publisher={JSTOR}
}

@inproceedings{romer1990human,
	title={Human capital and growth: theory and evidence},
	author={Romer, Paul M},
	booktitle={Carnegie-Rochester Conference series on public policy},
	volume={32},
	pages={251--286},
	year={1990},
	organization={Elsevier}
}

@article{aghion1992distribution,
	title={Distribution and growth in models of imperfect capital markets},
	author={Aghion, Philippe and Bolton, Patrick},
	journal={European Economic Review},
	volume={36},
	number={2},
	pages={603--611},
	year={1992},
	publisher={Elsevier}
}

@article{alesina1996income,
	title={Income distribution, political instability, and investment},
	author={Alesina, Alberto and Perotti, Roberto},
	journal={European economic review},
	volume={40},
	number={6},
	pages={1203--1228},
	year={1996},
	publisher={Elsevier}
}

@techreport{alesina1991distributive,
	title={Distributive politics and economic growth},
	author={Alesina, Alberto and Rodrik, Dani},
	year={1991},
	institution={National bureau of economic research}
}

@article{galor20102008,
	title={The 2008 Lawrence R. Klein Lecture?Comparative Economic Development: Insights from Unified Growth Theory*},
	author={Galor, Oded},
	journal={International Economic Review},
	volume={51},
	number={1},
	pages={1--44},
	year={2010},
	publisher={Wiley Online Library}
}

@article{banerjee2003inequality,
	title={Inequality and growth: What can the data say?},
	author={Banerjee, Abhijit V and Duflo, Esther},
	journal={Journal of economic growth},
	volume={8},
	number={3},
	pages={267--299},
	year={2003},
	publisher={Springer}
}

@article{banerjee1991risk,
	title={Risk-bearing and the theory of income distribution},
	author={Banerjee, Abhijit V and Newman, Andrew F},
	journal={The Review of Economic Studies},
	volume={58},
	number={2},
	pages={211--235},
	year={1991},
	publisher={Oxford University Press}
}

@article{deininger1998new,
	title={New ways of looking at old issues: inequality and growth},
	author={Deininger, Klaus and Squire, Lyn},
	journal={Journal of development economics},
	volume={57},
	number={2},
	pages={259--287},
	year={1998},
	publisher={Elsevier}
}

@book{de2003estado,
	title={Estado \& economia na Am{\'e}rica Latina: a constru{\c{c}}{\~a}o do pensamento neo-estruturalista cepalino},
	author={De Bem, Judite Sanson},
	year={2003},
	publisher={Clio Livros}
}

@article{malinen2012estimating,
	title={Estimating the long-run relationship between income inequality and economic development},
	author={Malinen, Tuomas},
	journal={Empirical Economics},
	volume={42},
	number={1},
	pages={209--233},
	year={2012},
	publisher={Springer}
}

@article{abida2012economic,
	title={Economic growth and income inequality: Empirical evidence from North African countries},
	author={Abida, Zouheir and Sghaier, Imen Mohamed},
	journal={Zagreb International Review of Economics and Business},
	volume={15},
	number={2},
	pages={29--44},
	year={2012},
	publisher={Sveu{\v{c}}ili{\v{s}}te u Zagrebu, Ekonomski fakultet Zagreb}
}

@book{baltagi2008econometric,
	title={Econometric analysis of panel data},
	author={Baltagi, Badi},
	year={2008},
	publisher={John Wiley \& Sons, England}
}

@article{frank2005income,
	title={Income inequality and economic growth in the US: A panel cointegration approach},
	author={Frank, Mark W and others},
	journal={Sam Houston State University Working Paper},
	pages={05--03},
	year={2005}
}

@article{herzer2012inequality,
	title={Inequality and growth: evidence from panel cointegration},
	author={Herzer, Dierk and Vollmer, Sebastian},
	journal={The Journal of Economic Inequality},
	volume={10},
	number={4},
	pages={489--503},
	year={2012},
	publisher={Springer}
}

@article{alesina1996income,
	title={Income distribution, political instability, and investment},
	author={Alesina, Alberto and Perotti, Roberto},
	journal={European economic review},
	volume={40},
	number={6},
	pages={1203--1228},
	year={1996},
	publisher={Elsevier}
}

@article{arjona2003growth,
	title={Growth, inequality and social protection},
	author={Arjona, Roman and Ladaique, Maxime and Pearson, Mark},
	journal={Canadian Public Policy/Analyse de Politiques},
	pages={S119--S139},
	year={2003},
	publisher={JSTOR}
}

@techreport{barro1989economic,
	title={Economic growth in a cross section of countries},
	author={Barro, Robert J},
	year={1989},
	institution={National Bureau of Economic Research}
}

@article{cingano2014trends,
	title={Trends in income inequality and its impact on economic growth},
	author={Cingano, Federico},
	volume={163},
	pages={1--65},
	year={2014},
	publisher={OECD Publishing}
}

@misc{onu2012estado,
	title={Estado de las ciudades de Am{\'e}rica Latina y El Caribe 2012. Rumbo a una nueva transici{\'o}n urbana.},
	author={ONU-H{\'A}BITAT},
	year={2012},
	publisher={ONU-H{\'A}BITAT Nairobi}
}

@article{birdsall1995inequality,
	title={Inequality and growth reconsidered: lessons from East Asia},
	author={Birdsall, Nancy and Ross, David and Sabot, Richard},
	journal={The World Bank Economic Review},
	volume={9},
	number={3},
	pages={477--508},
	year={1995},
	publisher={World Bank}
}

@article{prebisch1962reflexiones,
	title={Reflexiones sobre la integraci{\'o}n econ{\'o}mica latinoamericana},
	author={Prebisch, Ra{\'u}l},
	journal={Revista de Econom{\'\i}a y Estad{\'\i}stica},
	volume={6},
	number={1},
	pages={175--188},
	year={1962}
}

@article{wider2008world,
	title={World income inequality database},
	author={Wider, UNU},
	journal={WIDER, Helsinki},
	year={2008}
}

@article{barro2013new,
	title={A new data set of educational attainment in the world, 1950--2010},
	author={Barro, Robert J and Lee, Jong Wha},
	journal={Journal of development economics},
	volume={104},
	pages={184--198},
	year={2013},
	publisher={Elsevier}
}

@techreport{grundler2015income,
	title={Income inequality, economic growth, and the effect of redistribution},
	author={Gr{\"u}ndler, Klaus and Scheuermeyer, Philipp},
	year={2015},
	institution={W{\"u}rzburg Economic Papers}
}

@article{pesaran1999pooled,
	title={Pooled mean group estimation of dynamic heterogeneous panels},
	author={Pesaran, M Hashem and Shin, Yongcheol and Smith, Ron P},
	journal={Journal of the American Statistical Association},
	volume={94},
	number={446},
	pages={621--634},
	year={1999},
	publisher={Taylor \& Francis}
}

@article{solow1956contribution,
	title={A contribution to the theory of economic growth},
	author={Solow, Robert M},
	journal={The quarterly journal of economics},
	pages={65--94},
	year={1956},
	publisher={JSTOR}
}


@article{ramsey1928mathematical,
	title={A mathematical theory of saving},
	author={Ramsey, Frank Plumpton},
	journal={The economic journal},
	volume={38},
	number={152},
	pages={543--559},
	year={1928},
	publisher={JSTOR}
}

@article{cass1965optimum,
	title={Optimum growth in an aggregative model of capital accumulation},
	author={Cass, David},
	journal={The Review of economic studies},
	volume={32},
	number={3},
	pages={233--240},
	year={1965},
	publisher={JSTOR}
}

@article{koopmans1965concept,
	title={On the concept of optimal economic growth},
	author={Koopmans, Tjalling C and others},
	journal={The Econometric Approach to Development Planning},
	year={1965},
	publisher={Amsterdam: North Holland}
}

@article{romer1993idea,
	title={Idea gaps and object gaps in economic development},
	author={Romer, Paul},
	journal={Journal of monetary economics},
	volume={32},
	number={3},
	pages={543--573},
	year={1993},
	publisher={Elsevier}
}

@article{lucas1988mechanics,
	title={On the mechanics of economic development},
	author={Lucas, Robert E},
	journal={Journal of monetary economics},
	volume={22},
	number={1},
	pages={3--42},
	year={1988},
	publisher={Elsevier}
}

@techreport{barro1989economic,
	title={Economic growth in a cross section of countries},
	author={Barro, Robert J},
	year={1989},
	institution={National Bureau of Economic Research}
}

@article{barro2000inequality,
	title={Inequality and Growth in a Panel of Countries},
	author={Barro, Robert J},
	journal={Journal of economic growth},
	volume={5},
	number={1},
	pages={5--32},
	year={2000},
	publisher={Springer}
}

@article{barro2003determinants,
	title={Determinants of economic growth in a panel of countries},
	author={Barro, Robert J and others},
	journal={Annals of economics and finance},
	volume={4},
	pages={231--274},
	year={2003},
	publisher={PEKING UNIV. PRESS}
}


@article{deininger1996new,
	title={A new data set measuring income inequality},
	author={Deininger, Klaus and Squire, Lyn},
	journal={The World Bank Economic Review},
	volume={10},
	number={3},
	pages={565--591},
	year={1996},
	publisher={World Bank}
}

@article{chen2003inverted,
	title={An inverted-U relationship between inequality and long-run growth},
	author={Chen, Been-Lon},
	journal={Economics Letters},
	volume={78},
	number={2},
	pages={205--212},
	year={2003},
	publisher={Elsevier}
}


@article{rangel2009crescimento,
	title={Crescimento econ{\^o}mico e desigualdade de renda no Brasil de 1991 a 2000: uma an{\'a}lise das {\'a}reas m{\'\i}nimas compar{\'a}veis},
	author={Rangel, Leonardo Alves},
	year={2009}
}


@article{barreto2001desigualdade,
	title={Desigualdade de renda e crescimento econ{\^o}mico no nordeste brasileiro},
	author={Barreto, Fl{\'a}vio Ataliba FD and Neto, Jorge and de Melo, Paulo and Tebaldi, Edinaldo},
	journal={Revista Econ{\^o}mica do Nordeste},
	volume={32},
	pages={842--859},
	year={2001}
}

@techreport{bertola1991factor,
	title={Factor shares and savings in endogenous growth},
	author={Bertola, Giuseppe},
	year={1991},
	institution={National Bureau of Economic Research}
}

@article{perotti1993political,
	title={Political equilibrium, income distribution, and growth},
	author={Perotti, Roberto},
	journal={The Review of Economic Studies},
	volume={60},
	number={4},
	pages={755--776},
	year={1993},
	publisher={Oxford University Press}
}

@techreport{alesina1991distributive,
	title={Distributive politics and economic growth},
	author={Alesina, Alberto and Rodrik, Dani},
	year={1991},
	institution={National bureau of economic research}
}

@article{persson1994inequality,
	title={Is inequality harmful for growth?},
	author={Persson, Torsten and Tabellini, Guido},
	journal={The American Economic Review},
	pages={600--621},
	year={1994},
	publisher={JSTOR}
}

@article{meltzer1981rational,
	title={A rational theory of the size of government},
	author={Meltzer, Allan H and Richard, Scott F},
	journal={The Journal of Political Economy},
	pages={914--927},
	year={1981},
	publisher={JSTOR}
}

@article{acemoglu1997did,
	title={Why did the west extend the franchise? inequality and growth in historical perspective},
	author={Acemoglu, Daron and Robinson, James A},
	year={1997},
	publisher={MIT Economics Working Paper}
}

@incollection{benabou1996inequality,
	title={Inequality and growth},
	author={Benabou, Roland},
	booktitle={NBER Macroeconomics Annual 1996, Volume 11},
	pages={11--92},
	year={1996},
	publisher={MIT Press}
}

@article{benabou1996equity,
	title={Equity and efficiency in human capital investment: the local connection},
	author={Benabou, Roland},
	journal={The Review of Economic Studies},
	volume={63},
	number={2},
	pages={237--264},
	year={1996},
	publisher={Oxford University Press}
}

@book{de2003estado,
	title={Estado \& economia na Am{\'e}rica Latina: a constru{\c{c}}{\~a}o do pensamento neo-estruturalista cepalino},
	author={De Bem, Judite Sanson},
	year={2003},
	publisher={Clio Livros}
}

@article{kliksberg1999rol,
	title={El rol del capital social y de la cultura en el proceso de desarrollo},
	author={Kliksberg, Bernardo},
	journal={Revista venezolana de gerencia},
	volume={4},
	number={9},
	year={1999}
}

@book{kliksberg2002america,
	title={Am{\'e}rica latina: uma regi{\~a}o de risco--pobreza, desigualdade e institucionalidade social},
	author={Kliksberg, Bernardo},
	volume={1},
	year={2002},
	publisher={Unesco}
}

@article{divino2009purchasing,
	title={On the purchasing power parity for Latin-American countries},
	author={Divino, Jose Angelo and Teles, Vladimir Kuhl and De Andrade, Joaquim Pinto},
	journal={Journal of Applied Economics},
	volume={12},
	number={1},
	pages={33--54},
	year={2009},
	publisher={Elsevier}
}


@article{kuznets1955economic,
	title={Economic growth and income inequality},
	author={Kuznets, Simon},
	journal={The American economic review},
	volume={45},
	number={1},
	pages={1--28},
	year={1955},
	publisher={JSTOR}
}

@article{bourguignon2004poverty,
	title={The poverty-growth-inequality triangle, paper presented at the Indian Council for Research on International Economic Relations, New Delhi, February 4, 2004},
	author={Bourguignon, Fran{\c{c}}ois},
	journal={Washington, DC, World Bank},
	year={2004}
}

@article{halter2014inequality,
	title={Inequality and growth: the neglected time dimension},
	author={Halter, Daniel and Oechslin, Manuel and Zweim{\"u}ller, Josef},
	journal={Journal of Economic Growth},
	volume={19},
	number={1},
	pages={81--104},
	year={2014},
	publisher={Springer}
}

@article{uzawa1965optimum,
	title={Optimum technical change in an aggregative model of economic growth},
	author={Uzawa, Hirofumi},
	journal={International economic review},
	volume={6},
	number={1},
	pages={18--31},
	year={1965},
	publisher={JSTOR}
}

@article{galor1993income,
	title={Income distribution and macroeconomics},
	author={Galor, Oded and Zeira, Joseph},
	journal={The review of economic studies},
	volume={60},
	number={1},
	pages={35--52},
	year={1993},
	publisher={Oxford University Press}
}

@article{ghez1975allocation,
	title={The allocation of time and goods over the life cycle},
	author={Ghez, Gilbert and Becker, Gary S and others},
	journal={NBER Books},
	year={1975},
	publisher={National Bureau of Economic Research, Inc}
}

@article{azariadis1990threshold,
	title={Threshold externalities in economic development},
	author={Azariadis, Costas and Drazen, Allan},
	journal={The Quarterly Journal of Economics},
	pages={501--526},
	year={1990},
	publisher={JSTOR}
}

@article{tsiddon1992moral,
	title={A moral hazard trap to growth},
	author={Tsiddon, Daniel},
	journal={International Economic Review},
	pages={299--321},
	year={1992},
	publisher={JSTOR}
}
















@article{gilles1992bubbles,
	title={Bubbles and charges},
	author={Gilles, Christian and LeRoy, Stephen F},
	journal={International Economic Review},
	pages={323--339},
	year={1992},
	publisher={JSTOR}
}

@article{xu2014there,
	title={Is there a bubble in Chinese housing market? Empirical study on Chinese major housing markets},
	author={Xu, Xiaogeng and others},
	year={2014}
}

@book{klyuev2008goes,
	title={What goes up must come down? House price dynamics in the United States},
	author={Klyuev, Mr Vladimir},
	number={8-187},
	year={2008},
	publisher={International Monetary Fund}
}

@article{poterba1984tax,
	title={Tax subsidies to owner-occupied housing: an asset-market approach},
	author={Poterba, James M},
	journal={The quarterly journal of economics},
	pages={729--752},
	year={1984},
	publisher={JSTOR}
}

@article{hurlin2004testing,
	title={Testing Granger causality in heterogeneous panel data models with fixed coefficients},
	author={Hurlin, Christophe},
	journal={Document de recherche LEO},
	volume={5},
	year={2004}
}

@phdthesis{besarria2014tese,
	title={Bolha de ativos e os seus efeitos macroecon{\^o}micos. Recife: PIMES/UFPE, 2014},
	author={Besarria, C{\'a}ssio N},
	year={2014},
	school={Tese (Doutorado em Economia}
}

@techreport{dias2013non,
	title={Non-Durable Consumption and Real-Estate Prices in Brazil: Panel-Data Analysis at the State Level},
	author={Dias, Victor Pina and Diniz, {\'E}rica and Issler, Jo{\~a}o Victor},
	year={2013},
	institution={FGV/EPGE Escola Brasileira de Economia e Finan{\c{c}}as, Getulio Vargas Foundation (Brazil)}
}

@article{gallin2006long,
	title={The long-run relationship between house prices and income: evidence from local housing markets},
	author={Gallin, Joshua},
	journal={Real Estate Economics},
	volume={34},
	number={3},
	pages={417--438},
	year={2006},
	publisher={Wiley Online Library}
}

@article{malpezzi1999simple,
	title={A simple error correction model of house prices},
	author={Malpezzi, Stephen},
	journal={Journal of housing economics},
	volume={8},
	number={1},
	pages={27--62},
	year={1999},
	publisher={Elsevier}
}

@article{chang2007rational,
	title={Rational bubbles in the US stock market? Further evidence from a nonparametric cointegration test},
	author={Chang, Tsangyao and Chiu, Chi-Chen and Nieh, Chien-Chung},
	journal={Applied Economics Letters},
	volume={14},
	number={7},
	pages={517--521},
	year={2007},
	publisher={Taylor \& Francis}
}

@phdthesis{mokhtar2006detection,
	title={Detection of Rational Speculative Bubbles in the Malaysian Stock Market},
	author={Mokhtar, Suraya Hanim},
	year={2006},
	school={Universiti Putra Malaysia}
}

@article{cunado2005test,
	title={A test for rational bubbles in the NASDAQ stock index: a fractionally integrated approach},
	author={Cu{\~n}ado, Juncal and Gil-Alana, Luis Alberiko and De Gracia, F Perez},
	journal={Journal of Banking \& Finance},
	volume={29},
	number={10},
	pages={2633--2654},
	year={2005},
	publisher={Elsevier}
}

@article{nasseh2004stock,
	title={Stock prices and the dividend discount model: did their relation break down in the 1990s?},
	author={Nasseh, Alireza and Strauss, Jack},
	journal={The quarterly review of economics and finance},
	volume={44},
	number={2},
	pages={191--207},
	year={2004},
	publisher={Elsevier}
}

@article{bohl2003periodically,
	title={Periodically collapsing bubbles in the US stock market?},
	author={Bohl, Martin T},
	journal={International Review of Economics \& Finance},
	volume={12},
	number={3},
	pages={385--397},
	year={2003},
	publisher={Elsevier}
}

@article{wu1997rational,
	title={Rational bubbles in the stock market: accounting for the US stock-price volatility},
	author={Wu, Yangru and others},
	journal={Economic Inquiry},
	volume={35},
	pages={309--319},
	year={1997}
}

@article{timmermann1995cointegration,
	title={Cointegration tests of present value models with a time-varying discount factor},
	author={Timmermann, Allan},
	journal={Journal of Applied Econometrics},
	volume={10},
	number={1},
	pages={17--31},
	year={1995},
	publisher={Wiley Online Library}
}

@article{evans1991pitfalls,
	title={Pitfalls in testing for explosive bubbles in asset prices},
	author={Evans, George W},
	journal={The American Economic Review},
	pages={922--930},
	year={1991},
	publisher={JSTOR}
}

@techreport{froot1989intrinsic,
	title={Intrinsic bubbles: The case of stock prices},
	author={Froot, Kenneth A and Obstfeld, Maurice},
	year={1989},
	institution={National Bureau of Economic Research}
}

@article{diba1988explosive,
	title={Explosive rational bubbles in stock prices?},
	author={Diba, Behzad T and Grossman, Herschel I},
	journal={The American Economic Review},
	pages={520--530},
	year={1988},
	publisher={JSTOR}
}

@article{leonhardt2010sour,
	title={In Sour Home Market, Buying Often Beats Renting},
	author={Leonhardt, David},
	journal={The New York Times},
	year={2010}
}

@book{mackinnon1998numerical,
	title={Numerical distribution functions of likelihood ratio tests for cointegration},
	author={MacKinnon, James G and Haug, Alfred A and Michelis, Leo and others},
	number={9803},
	year={1998},
	publisher={Department of Economics, University of Canterbury}
}

@article{wang2000market,
	title={Market efficiency and rationality in property investment},
	author={Wang, Peijie},
	journal={The Journal of Real Estate Finance and Economics},
	volume={21},
	number={2},
	pages={185--201},
	year={2000},
	publisher={Springer}
}

@techreport{campbell1986cointegration,
	title={Cointegration and tests of present value models},
	author={Campbell, John Y and Shiller, Robert J},
	year={1986},
	institution={National Bureau of Economic Research}
}

@article{mikhed2009testing,
	title={Testing for bubbles in housing markets: A panel data approach},
	author={Mikhed, Vyacheslav and Zem{\v{c}}{\'\i}k, Petr},
	journal={The Journal of Real Estate Finance and Economics},
	volume={38},
	number={4},
	pages={366--386},
	year={2009},
	publisher={Springer}
}

@article{im2003testing,
	title={Testing for unit roots in heterogeneous panels},
	author={Im, Kyung So and Pesaran, M Hashem and Shin, Yongcheol},
	journal={Journal of econometrics},
	volume={115},
	number={1},
	pages={53--74},
	year={2003},
	publisher={Elsevier}
}

@article{levin2002unit,
	title={Unit root tests in panel data: asymptotic and finite-sample properties},
	author={Levin, Andrew and Lin, Chien-Fu and Chu, Chia-Shang James},
	journal={Journal of econometrics},
	volume={108},
	number={1},
	pages={1--24},
	year={2002},
	publisher={Elsevier}
}

@techreport{breitung1999local,
	title={The local power of some unit root tests for panel data},
	author={Breitung, J{\"o}rg},
	year={1999},
	institution={Discussion Papers, Interdisciplinary Research Project 373: Quantification and Simulation of Economic Processes}
}

@article{pedroni1999critical,
	title={Critical values for cointegration tests in heterogeneous panels with multiple regressors},
	author={Pedroni, Peter},
	journal={Oxford Bulletin of Economics and statistics},
	volume={61},
	number={S1},
	pages={653--670},
	year={1999},
	publisher={Wiley Online Library}
}

@article{pedroni2004panel,
	title={Panel cointegration: asymptotic and finite sample properties of pooled time series tests with an application to the PPP hypothesis},
	author={Pedroni, Peter},
	journal={Econometric theory},
	volume={20},
	number={03},
	pages={597--625},
	year={2004},
	publisher={Cambridge Univ Press}
}

@techreport{himmelberg2005assessing,
	title={Assessing high house prices: Bubbles, fundamentals, and misperceptions},
	author={Himmelberg, Charles and Mayer, Christopher and Sinai, Todd},
	year={2005},
	institution={National Bureau of Economic Research}
}

@article{kivedal2013testing,
	title={Testing for rational bubbles in the US housing market},
	author={Kivedal, Bj{\o}rnar Karlsen},
	journal={Journal of Macroeconomics},
	volume={38},
	pages={369--381},
	year={2013},
	publisher={Elsevier}
}

@article{gurkaynak2008econometric,
	title={Econometric tests of asset price bubbles: Taking stock*},
	author={G{\"u}rkaynak, Refet S},
	journal={Journal of Economic Surveys},
	volume={22},
	number={1},
	pages={166--186},
	year={2008},
	publisher={Wiley Online Library}
}

@article{werner2014rational,
	title={Rational asset pricing bubbles and debt constraints},
	author={Werner, Jan},
	journal={Journal of Mathematical Economics},
	volume={53},
	pages={145--152},
	year={2014},
	publisher={Elsevier}
}

@article{wang2012speculative,
	title={Speculative bubbles and financial crises},
	author={Wang, Pengfei and Wen, Yi},
	journal={American Economic Journal: Macroeconomics},
	volume={4},
	number={3},
	pages={184--221},
	year={2012},
	publisher={American Economic Association}
}

@article{martin2011theoretical,
	title={Theoretical notes on bubbles and the current crisis},
	author={Martin, Alberto and Ventura, Jaume},
	journal={IMF Economic Review},
	volume={59},
	number={1},
	pages={6--40},
	year={2011},
	publisher={Nature Publishing Group}
}

@article{farhi2011bubbly,
	title={Bubbly liquidity},
	author={Farhi, Emmanuel and Tirole, Jean},
	journal={The Review of Economic Studies},
	pages={rdr039},
	year={2011},
	publisher={Oxford University Press}
}

@article{hellwig2009bubbles,
	title={Bubbles and Self-Enforcing Debt},
	author={Hellwig, Christian and Lorenzoni, Guido},
	journal={Econometrica},
	volume={77},
	number={4},
	pages={1137--1164},
	year={2009},
	publisher={Wiley Online Library}
}

@article{caballero2006bubbles,
	title={Bubbles and capital flow volatility: Causes and risk management},
	author={Caballero, Ricardo J and Krishnamurthy, Arvind},
	journal={Journal of monetary Economics},
	volume={53},
	number={1},
	pages={35--53},
	year={2006},
	publisher={Elsevier}
}

@techreport{caballero2004speculative,
	title={Speculative growth: hints from the US economy},
	author={Caballero, Ricardo and Farhi, Emmanuel and Hammour, Mohamad L},
	year={2004},
	institution={National Bureau of Economic Research}
}

@article{alvarez2000efficiency,
	title={Efficiency, equilibrium, and asset pricing with risk of default},
	author={Alvarez, Fernando and Jermann, Urban J},
	journal={Econometrica},
	pages={775--797},
	year={2000},
	publisher={JSTOR}
}

@article{grossman1993asset,
	title={Asset bubbles and endogenous growth},
	author={Grossman, Gene M and Yanagawa, Noriyuki},
	journal={Journal of Monetary Economics},
	volume={31},
	number={1},
	pages={3--19},
	year={1993},
	publisher={Elsevier}
}

@article{kehoe1993debt,
	title={Debt-constrained asset markets},
	author={Kehoe, Timothy J and Levine, David K},
	journal={The Review of Economic Studies},
	pages={865--888},
	year={1993},
	publisher={JSTOR}
}

@article{kocherlakota1992bubbles,
	title={Bubbles and constraints on debt accumulation},
	author={Kocherlakota, Narayana R},
	journal={Journal of Economic Theory},
	volume={57},
	number={1},
	pages={245--256},
	year={1992},
	publisher={Elsevier}
}

@article{camerer1989bubbles,
	title={Bubbles and fads in asset prices},
	author={Camerer, Colin F and others},
	year={1989},
	publisher={Citeseer}
}

@article{tirole1985asset,
	title={Asset bubbles and overlapping generations},
	author={Tirole, Jean},
	journal={Econometrica: Journal of the Econometric Society},
	pages={1071--1100},
	year={1985},
	publisher={JSTOR}
}

@article{samuelson1958exact,
	title={An exact consumption-loan model of interest with or without the social contrivance of money},
	author={Samuelson, Paul A},
	journal={The journal of political economy},
	pages={467--482},
	year={1958},
	publisher={JSTOR}
}

@techreport{martin2010economic,
	title={Economic growth with bubbles},
	author={Martin, Alberto and Ventura, Jaume},
	year={2010},
	institution={National Bureau of Economic Research}
}

@article{brunnermeier2008bubbles,
	title={Bubbles},
	author={Brunnermeier, Markus K},
	journal={The New Palgrave Dictionary of Economics},
	volume={2},
	year={2008},
	publisher={New York, NY: Palgrave Macmillan}
}

@article{kahneman1979prospect,
	title={Prospect theory: An analysis of decision under risk},
	author={Kahneman, Daniel and Tversky, Amos},
	journal={Econometrica: Journal of the Econometric Society},
	pages={263--291},
	year={1979},
	publisher={JSTOR}
}

@article{von1945theory,
	title={Theory of games and economic behavior},
	author={Von Neumann, John and Morgenstern, Oskar},
	journal={Bull. Amer. Math. Soc},
	volume={51},
	number={7},
	pages={498--504},
	year={1945}
},

@article{muth1961rational,
	title={Rational expectations and the theory of price movements},
	author={Muth, John F},
	journal={Econometrica: Journal of the Econometric Society},
	pages={315--335},
	year={1961},
	publisher={JSTOR}
}

@misc{blanchard1982bubbles,
	title={Bubbles, rational expectations and financial markets},
	author={Blanchard, Olivier J and Watson, Mark W},
	year={1982},
	publisher={National Bureau of economic research Cambridge, Mass., USA}
}


@article{blanchard1979speculative,
	title={Speculative bubbles, crashes and rational expectations},
	author={Blanchard, Olivier Jean},
	journal={Economics letters},
	volume={3},
	number={4},
	pages={387--389},
	year={1979},
	publisher={Elsevier}
}

@article{keiserman2009bolhas,
	title={Bolhas especulativas no mercado de a{\c{c}}{\~o}es: uma abordagem das finan{\c{c}}as comportamentais},
	author={Keiserman, Bernardo},
	year={2009}
}

@article{tirole1985asset,
	title={Asset bubbles and overlapping generations},
	author={Tirole, Jean},
	journal={Econometrica: Journal of the Econometric Society},
	pages={1071--1100},
	year={1985},
	publisher={JSTOR}
}

@book{wickens2012macroeconomic,
	title={Macroeconomic theory: a dynamic general equilibrium approach},
	author={Wickens, Michael},
	year={2012},
	publisher={Princeton University Press}
}

@inproceedings{uhlig1998robustness,
	title={The robustness of identified VAR conclusions about money: A Comment},
	author={Uhlig, Harald},
	booktitle={Carnegie-Rochester Conference Series on Public Policy},
	volume={49},
	pages={245--263},
	year={1998},
	organization={Elsevier}
}

@inproceedings{faust1998robustness,
	title={The robustness of identified VAR conclusions about money},
	author={Faust, Jon},
	booktitle={Carnegie-Rochester Conference Series on Public Policy},
	volume={49},
	pages={207--244},
	year={1998},
	organization={Elsevier}
}

@techreport{kuttner2011monetary,
	title={Monetary Policy and Asset Price Volatility: Should We Refill the Bernanke-Gertler Prescription?},
	author={Kuttner, Kenneth and others},
	year={2011}
}

@article{vickers1999monetary,
	title={Monetary policy and asset prices},
	author={Vickers, John},
	journal={QUARTERLY BULLETIN-BANK OF ENGLAND},
	volume={39},
	pages={428--435},
	year={1999},
	publisher={BANK OF ENGLAND PUBLICATIONS}
}

@techreport{lowe2002asset,
	title={Asset prices, financial and monetary stability: exploring the nexus},
	author={Lowe, Philip and Borio, Claudio},
	year={2002},
	institution={Bank for International Settlements}
}

@article{bernanke1999financial,
	title={The financial accelerator in a quantitative business cycle framework},
	author={Bernanke, Ben S and Gertler, Mark and Gilchrist, Simon},
	journal={Handbook of macroeconomics},
	volume={1},
	pages={1341--1393},
	year={1999},
	publisher={Elsevier}
}

@article{chen2013,
	title={House Prices as Indicators of Monetary Policy: Evidence from China},
	author={Tan, Zhengxun and Chen, Tao},
	journal={Stanford Center for International Development},
	number={48},
	year={2013}
}

@techreport{jappelli2010consumption,
	title={The consumption response to income changes},
	author={Jappelli, Tullio and Pistaferri, Luigi},
	year={2010},
	institution={National Bureau of Economic Research}
}

@incollection{skinner1996housing,
	title={Is housing wealth a sideshow?},
	author={Skinner, Jonathan S},
	booktitle={Advances in the Economics of Aging},
	pages={241--272},
	year={1996},
	publisher={University of Chicago Press}
}

@article{case2005comparing,
	title={Comparing wealth effects: the stock market versus the housing market},
	author={Case, Karl E and Quigley, John M and Shiller, Robert J},
	journal={Advances in macroeconomics},
	volume={5},
	number={1},
	year={2005}
}

@article{muellbauer1990uk,
	title={Is the UK balance of payments sustainable?},
	author={Muellbauer, John and Murphy, Anthony and King, Mervyn and Pagano, Marco},
	journal={Economic Policy},
	pages={348--395},
	year={1990},
	publisher={JSTOR}
}

@article{carroll2011large,
	title={How large are housing and financial wealth effects? A new approach},
	author={Carroll, Christopher D and Otsuka, Misuzu and Slacalek, Jiri},
	journal={Journal of Money, Credit and Banking},
	volume={43},
	number={1},
	pages={55--79},
	year={2011},
	publisher={Wiley Online Library}
}

@article{campbell2007house,
	title={How do house prices affect consumption? Evidence from micro data},
	author={Campbell, John Y and Cocco, Joao F},
	journal={Journal of Monetary Economics},
	volume={54},
	number={3},
	pages={591--621},
	year={2007},
	publisher={Elsevier}
}

@article{peersman2001monetary,
	title={The monetary transmission mechanism in the euro area: more evidence from VAR analysis (MTN conference paper)},
	author={Peersman, Gert and Smets, Frank},
	year={2001},
	publisher={ECB Working Paper}
}

@article{silva2014,
	title={Efeitos dos Choques Fiscais e Monet{\'a}rios sobre o Mercado Imobili{\'a}rio Brasileiro},
	author={Silva, Marcelo Eduardo and Besarria, C{\'a}ssio Nóbrega and Carvalho, Diogo Baerlocher},
	journal={36 Encontro Brasileiro de Econometria},
	year={2014}
}


@article{akitoby2008fiscal,
  title={Fiscal policy and financial markets},
  author={Akitoby, Bernardin and Stratmann, Thomas},
  journal={The Economic Journal},
  volume={118},
  number={533},
  pages={1971--1985},
  year={2008},
  publisher={Wiley Online Library}
}

@article{ardagna2009financial,
	title={Financial markets? behavior around episodes of large changes in the fiscal stance},
	author={Ardagna, Silvia},
	journal={European Economic Review},
	volume={53},
	number={1},
	pages={37--55},
	year={2009},
	publisher={Elsevier}
}

@techreport{bernanke2000monetary,
	title={Monetary policy and asset price volatility},
	author={Bernanke, Ben and Gertler, Mark},
	year={2000},
	institution={National bureau of economic research}
}

@article{bernanke2001should,
	title={Should central banks respond to movements in asset prices?},
	author={Bernanke, Ben S and Gertler, Mark},
	journal={american economic review},
	pages={253--257},
	year={2001},
	publisher={JSTOR}
}

@article{bjornland2013house,
	title={House prices and stock prices: Different roles in the us monetary transmission mechanism*},
	author={Bj{\o}rnland, Hilde C and Jacobsen, Dag Henning},
	journal={The Scandinavian Journal of Economics},
	volume={115},
	number={4},
	pages={1084--1106},
	year={2013},
	publisher={Wiley Online Library}
}

@article{borio2002asset,
	title={Asset prices, financial and monetary stability: exploring the nexus},
	author={Borio, Claudio EV and Lowe, Philip William},
	year={2002},
	publisher={BIS working paper}
}

@article{browning2013housing,
	title={Housing wealth and consumption: a micro panel study},
	author={Browning, Martin and G{\o}rtz, Mette and Leth-Petersen, S{\o}ren},
	journal={The Economic Journal},
	volume={123},
	number={568},
	pages={401--428},
	year={2013},
	publisher={Wiley Online Library}
}

@article{furlanettodoes,
	title={Does Monetary Policy React to Asset Prices? Some International Evidence. Forthcoming},
	author={Furlanetto, Francesco},
	journal={International Journal of Central Banking},
	year={2011}
}

@article{besarria2014,
	title={Como o Banco Central tem reagido aos choques (bolhas) nos preços das habita{\c{c}}{\~o}es brasileiras? Uma an{\'a}lise por meio do modelo din{\^a}mico estoc{\'a}stico de equil{\'\i}brio geral (DSGE)},
	author={Besarria, C{\'a}ssio and Paes, Nelson and Silva, Marcelo},
	journal={XV Encontro Brasileiro de Finan{\c{c}}as},
	year={2014}
}

@techreport{mendoncca2011avaliando,
	title={Avaliando o efeito de um choque de pol{\'\i}tica monet{\'a}ria sobre o mercado imobili{\'a}rio},
	author={Mendon{\c{c}}a, Mario Jorge and Medrano, Luis Alberto and Sachsida, Adolfo},
	year={2011},
	institution={Texto para Discuss{\~a}o, Instituto de Pesquisa Econ{\^o}mica Aplicada (IPEA)}
}

@techreport{mendoncca2012existe,
	title={Existe bolha no mercado imobili{\'a}rio brasileiro?},
	author={Mendon{\c{c}}a, M{\'a}rio Jorge and Sachsida, Adolfo},
	year={2012},
	institution={Texto para Discuss{\~a}o, Instituto de Pesquisa Econ{\^o}mica Aplicada (IPEA)}
}

@inproceedings{uhlig1998robustness,
	title={The robustness of identified VAR conclusions about money: A Comment},
	author={Uhlig, Harald},
	booktitle={Carnegie-Rochester Conference Series on Public Policy},
	volume={49},
	pages={245--263},
	year={1998},
	organization={Elsevier}
}

@article{uhlig2005effects,
	title={What are the effects of monetary policy on output? Results from an agnostic identification procedure},
	author={Uhlig, Harald},
	journal={Journal of Monetary Economics},
	volume={52},
	number={2},
	pages={381--419},
	year={2005},
	publisher={Elsevier}
}

@article{filardo2000monetary,
	title={Monetary policy and asset prices},
	author={Filardo, Andrew J},
	journal={Economic Review-Federal Reserve Bank of Kansas City},
	volume={85},
	number={3},
	pages={11--38},
	year={2000},
	publisher={Federal Reserve Bank of Kansas City}
}


@techreport{giuliodori2002monetary,
	title={Monetary policy shocks and the role of house prices across European countries},
	author={Giuliodori, Massimo},
	year={2002}
}

@article{goodhart2008house,
	title={House prices, money, credit, and the macroeconomy},
	author={Goodhart, Charles and Hofmann, Boris},
	journal={Oxford Review of Economic Policy},
	volume={24},
	number={1},
	pages={180--205},
	year={2008},
	publisher={Oxford Univ Press}
}